@INCOLLECTION{ Gems17,
AUTHOR       = {M. Pharr and S. Green}, 
TITLE        = {Chapter 17. Ambient Occlusion},
BOOKTITLE    = {GPU Gems},
Publisher    = {Pearson Education Inc.},
YEAR         = {2004},
Organization = {NVIDIA},
}